@misc{teo:PCB,
    author    = "Mircea Ancău",
    title     = "The processing time optimization of printed circuit board",
    url       = "https://www.emerald.com/insight/content/doi/10.1108/03056120910979512/full/html"
}

@book{teo:concorde,
    author    = "Tiago Salvador",
    title     = "The Traveling Salesman Problem:
A Statistical Approach",
    year      = "2010",
    publisher = "Universidade Técnica de Lisboa"
}

@article{teo:ups,
    author =       "Tom Vanderbilt",
    title =        "Truckers and Algorithms",
    journal =      "Nautilus Magazine",
    year =         "2014",
    DOI =           "https://longitudes.ups.com/unhappy-truckers-and-algorithms/"
}


@misc{teo:Hamiltoniano,
    author    = "Paula Zabala",
    title     = "Teórica 6: Grafos eulerianos y hamiltonianos",
    url       = "https://campus.exactas.uba.ar/mod/resource/view.php?id=114490"
}

@misc{teo:Heuristicas,
    author    = "Paula Zabala",
    title     = "Teórica 7: Heurísticas y Meta-heurísticas",
    url       = "https://campus.exactas.uba.ar/mod/resource/view.php?id=115316"
}

@misc{teo:Arboles,
    author    = "Paula Zabala",
    title     = "Teórica 4: Arboles",
    url       = "https://campus.exactas.uba.ar/mod/resource/view.php?id=110015"
}

@misc{lab:AGM,
    author    = "Cátedra AED3, EXACTAS, UBA",
    title     = "Árbol Generador Mínimo",
    url       = "https://campus.exactas.uba.ar/mod/resource/view.php?id=113008"
}
}

@misc{Enunciado ,
    author    = "Cátedra AED3, EXACTAS, UBA",
    title     = "Enunciado TP2",
    url       = "https://campus.exactas.uba.ar/mod/resource/view.php?id=116347"
}

@misc{web:tsplib ,
    author    = "Zuse Institute Berlin 2003",
    title     = "The TSPLIB Symmetric Traveling Salesman Problem Instances",
    url       = "http://elib.zib.de/pub/mp-testdata/tsp/tsplib/tsp/index.html"
}
@misc{teo:Neig,
    author    = "Cor A. J. Hurkens & Gerhard J. Woeginger, 2004",
    title     = "On the nearest neighbor rule for the traveling salesman problem",
    url       = "https://www.researchgate.net/publication/220059931_On_the_nearest_neighbor_rule_for_the_traveling_salesman_problem"
}
@misc{teo:pe,
    author    = "Jung-Sook Kim, 2001",
    title     = "A Distributed Nearest Neighbour Heuristic with Upper Bound under the PVM.",
    url       = "https://www.researchgate.net/publication/220952847_A_Distributed_Nearest_Neighbor_Heuristic_with_Upper_Bound_under_the_PVM"
}